@article{template_article,
    author = {Authors},
    journal = {Journal},
    volume = {Volume},
    month = {Month},
    title = {Title},
    year = {Year}
}
@article{NoisyLabelsReweighting,
    title = {Classification with Noisy Labels by Importance Reweighting},
    author = {Tongliang Liu and Dacheng Tao},
    year = {2016},
    month = {September}
}
@article{RCN_PAC,
    title = {Learning from noisy examples},
    author = {D. Angluin and P. Laird},
    year = {1999},
    journal = {Machine Learning}
}
@article{RCN_review,
    title = {Classification in the presence of label noise: a survey},
    author = {B. Frenay and M. Verleysen},
    year = {2014},
    journal = {IEEE Transactions on Neural Networks Learning Systems}
}
@article{NoiseEstimate,
    author = {Yang T, Mahdavi M, Jin R, Zhang L, Zhou Y},
    year = {2012},
    title = {Multiple kernel learning from noisy labels by stochastic programming},
    journal = {ICML}
}
@article{Forward,
    author = {G. Patrini et al.},
    year = {2017},
    title = {Making deep neural networks robust to label noise: a loss correction approach},
    journal = {arXiv:1609.03683}
}
@article{DL_robust,
    author = {D. Rolnick, A. Veit, S. Belongie and N. Shavit},
    year = {2018},
    title = {Deep Learning is Robust to Massive Label Noise},
    journal = {arXiv:1705.10694}
}

@website{CIFAR,
    url = {https://www.kaggle.com/c/cifar-10}
}
@website{FMNIST,
    url = {https://www.kaggle.com/zalando-research/fashionmnist}
}

@article{ReLU,
      title={Deep Learning using Rectified Linear Units (ReLU)}, 
      author={Abien Fred Agarap},
      year={2019},
      eprint={1803.08375},
      archivePrefix={arXiv},
      primaryClass={cs.NE}
}

@book{PYRAMID_RULE,
    title = {Practical Neural Networks in C++},
    author={T.Masters},
    year={1993}
}